@inproceedings{pagerank,
	author = {Brin, Sergey and Page, Lawrence},
	title = {The Anatomy of a Large-scale Hypertextual Web Search Engine},
	booktitle = {Proceedings of the Seventh International Conference on World Wide Web 7},
	year = {1998},
}

@inproceedings {flashgraph,
	author = {Da Zheng and Disa Mhembere and Randal Burns and Joshua Vogelstein and Carey E. Priebe and Alexander S. Szalay},
	title = {{FlashGraph}: Processing Billion-Node Graphs on an Array of Commodity SSDs},
	booktitle = {13th USENIX Conference on File and Storage Technologies (FAST 15)},
	year = {2015},
}

@article{trilinos,
	author = {Heroux, Michael A. and Bartlett, Roscoe A. and Howle, Vicki E. and Hoekstra, Robert J. and Hu, Jonathan J. and Kolda, Tamara G. and Lehoucq, Richard B. and Long, Kevin R. and Pawlowski, Roger P. and Phipps, Eric T. and Salinger, Andrew G. and Thornquist, Heidi K. and Tuminaro, Ray S. and Willenbring, James M. and Williams, Alan and Stanley, Kendall S.},
	title = {An Overview of the {Trilinos} Project},
	journal = {ACM Trans. Math. Softw.},
	year = {2005},
} 

@Misc{petsc,
	author = {Satish Balay and Shrirang Abhyankar and Mark~F. Adams and Jed Brown and Peter Brune
		and Kris Buschelman and Lisandro Dalcin and Victor Eijkhout and William~D. Gropp
			and Dinesh Kaushik and Matthew~G. Knepley
			and Lois Curfman McInnes and Karl Rupp and Barry~F. Smith
			and Stefano Zampini and Hong Zhang},
	title =  {{PETS}c {W}eb page},
	url =    {http://www.mcs.anl.gov/petsc},
	howpublished = {\url{http://www.mcs.anl.gov/petsc}},
	year = {2015}
}

@article{kmeans,
	author = {Lloyd, S.},
	title = {Least Squares Quantization in {PCM}},
	journal = {IEEE Trans. Inf. Theor.},
	volume = {28},
	number = {2},
	month = sep,
	year = {2006},
}

@inproceedings{safs,
	author = {Da Zheng and Randal Burns and Alexander S. Szalay},
	title = {Toward Millions of File System {IOPS} on Low-Cost, Commodity Hardware},
	booktitle = {Proceedings of the International Conference on High Performance Computing, Networking, Storage and Analysis},
	year = {2013},
}

@inproceedings{SA-cache,
	author = {Da Zheng and Randal Burns and Alexander S. Szalay},
	title = {A Parallel Page Cache: {IOPS} and Caching for Multicore Systems},
	booktitle = {Proceedings of the 4th USENIX Conference on Hot Topics in Storage and File Systems},
	year = {2012},
}

@article{Ching12,
	year={2012},
	journal={International Journal of Parallel Programming},
	volume={40},
	number={5},
	title={Automatic Parallelization of Array-oriented Programs for a Multi-core Machine},
	author={Ching, Wai-Mee and Zheng, Da},
	pages={514-531},
}

@inproceedings{accelerator,
	author = {Tarditi, David and Puri, Sidd and Oglesby, Jose},
	title = {Accelerator: Using Data Parallelism to Program {GPUs} for General-purpose Uses},
	booktitle = {Proceedings of the 12th International Conference on Architectural Support for Programming Languages and Operating Systems},
	year = {2006},
	address = {New York, NY, USA},
}

@inproceedings {spark,
	author = {Matei Zaharia and Mosharaf Chowdhury and Tathagata Das and Ankur Dave and Justin Ma and Murphy McCauly and Michael J. Franklin and Scott Shenker and Ion Stoica},
	title = {Resilient Distributed Datasets: A Fault-Tolerant Abstraction for In-Memory Cluster Computing},
	booktitle = {Presented as part of the 9th USENIX Symposium on Networked Systems Design and Implementation (NSDI 12)},
	year = {2012},
	address = {San Jose, CA},
	pages = {15--28},
	publisher = {USENIX},
}

@misc{mkl,
	key={MKL},
	title={Intel Math Kernel Library},
	howpublished={\url{https://software.intel.com/en-us/intel-mkl}},
	year={Accessed 1/24/2016},
}

@INPROCEEDINGS{openblas,
	author={Qian Wang and Xianyi Zhang and Yunquan Zhang and Qing Yi}, 
	booktitle={High Performance Computing, Networking, Storage and Analysis (SC), 2013 International Conference for}, 
	title={{AUGEM}: Automatically generate high performance Dense Linear Algebra kernels on x86 CPUs}, 
	year={2013}, 
	pages={1-12}, 
	month={Nov},
}

@article{elemental,
	author = {Poulson, Jack and Marker, Bryan and van de Geijn, Robert A. and Hammond, Jeff R. and Romero, Nichols A.},
	title = {Elemental: A New Framework for Distributed Memory Dense Matrix Computations},
	journal = {ACM Trans. Math. Softw.},
	volume = {39},
	number = {2},
	month = feb,
	year = {2013},
	pages = {13:1--13:24},
	publisher = {ACM},
	address = {New York, NY, USA},
}

@inproceedings{Ang14,
	author = {Ang, J. A. and Barrett, R. F. and Benner, R. E. and Burke, D. and Chan, C. and Cook, J. and Donofrio, D. and Hammond, S. D. and Hemmert, K. S. and Kelly, S. M. and Le, H. and Leung, V. J. and Resnick, D. R. and Rodrigues, A. F. and Shalf, J. and Stark, D. and Unat, D. and Wright, N. J.},
	title = {Abstract Machine Models and Proxy Architectures for Exascale Computing},
	booktitle = {Proceedings of the 1st International Workshop on Hardware-Software Co-Design for High Performance Computing},
	series = {Co-HPC '14},
	year = {2014},
	publisher = {IEEE Press},
	address = {Piscataway, NJ, USA},
}

@inproceedings{mapreduce,
	author = {Dean, Jeffrey and Ghemawat, Sanjay},
	title = {{MapReduce}: Simplified Data Processing on Large Clusters},
	booktitle = {Proceedings of the 6th Conference on Symposium on Opearting Systems Design \& Implementation - Volume 6},
	series = {OSDI'04},
	year = {2004},
	publisher = {USENIX Association},
	address = {Berkeley, CA, USA},
}

@inproceedings{pig,
	author = {Olston, Christopher and Reed, Benjamin and Srivastava, Utkarsh and Kumar, Ravi and Tomkins, Andrew},
	title = {{Pig Latin}: A Not-so-foreign Language for Data Processing},
	booktitle = {Proceedings of the 2008 ACM SIGMOD International Conference on Management of Data},
	year = {2008},
	publisher = {ACM},
	address = {New York, NY, USA},
}

@inproceedings{flumejava,
	author = {Chambers, Craig and Raniwala, Ashish and Perry, Frances and Adams, Stephen and Henry, Robert R. and Bradshaw, Robert and Weizenbaum, Nathan},
	title = {{FlumeJava}: Easy, Efficient Data-parallel Pipelines},
	booktitle = {Proceedings of the 31st ACM SIGPLAN Conference on Programming Language Design and Implementation},
	year = {2010},
	publisher = {ACM},
	address = {New York, NY, USA},
}

@inproceedings{systemml,
	author = {Ghoting, Amol and Krishnamurthy, Rajasekar and Pednault, Edwin and Reinwald, Berthold and Sindhwani, Vikas and Tatikonda, Shirish and Tian, Yuanyuan and Vaithyanathan, Shivakumar},
	title = {{SystemML}: Declarative Machine Learning on MapReduce},
	booktitle = {Proceedings of the 2011 IEEE 27th International Conference on Data Engineering},
	year = {2011},
	publisher = {IEEE Computer Society},
	address = {Washington, DC, USA},
}

@inproceedings{dryad,
	author = {Isard, Michael and Budiu, Mihai and Yu, Yuan and Birrell, Andrew and Fetterly, Dennis},
	title = {Dryad: Distributed Data-parallel Programs from Sequential Building Blocks},
	booktitle = {Proceedings of the 2Nd ACM SIGOPS/EuroSys European Conference on Computer Systems 2007},
	year = {2007},
	publisher = {ACM},
	address = {New York, NY, USA},
}

@inproceedings{dryadlinq,
	author = {Yu, Yuan and Isard, Michael and Fetterly, Dennis and Budiu, Mihai and Erlingsson, \'{U}lfar and Gunda, Pradeep Kumar and Currey, Jon},
	title = {{DryadLINQ}: A System for General-purpose Distributed Data-parallel Computing Using a High-level Language},
	booktitle = {Proceedings of the 8th USENIX Conference on Operating Systems Design and Implementation},
	year = {2008},
	publisher = {USENIX Association},
	address = {Berkeley, CA, USA},
}

@inproceedings{riot,
	author = {Zhang, Yi and Herodotou, Herodotos and Yang, Jun},
	title = {{RIOT}: {I/O}-Efficient Numerical Computing without {SQL}},
	booktitle = {Conference on Innovative Data Systems Research},
	year = {2009},
}

@inproceedings{presto,
	author = {Venkataraman, Shivaram and Bodzsar, Erik and Roy, Indrajit and AuYoung, Alvin and Schreiber, Robert S.},
	title = {Presto: Distributed Machine Learning and Graph Processing with Sparse Matrices},
	booktitle = {Proceedings of the 8th ACM European Conference on Computer Systems},
	year = {2013},
	publisher = {ACM},
	address = {New York, NY, USA},
}

@ARTICLE{atlas,
	author = {R. Clint Whaley and Antoine Petitet and Jack J. Dongarra},
	title = {Automated Empirical Optimization of Software and the ATLAS Project},
	journal = {PARALLEL COMPUTING},
	year = {2000},
	volume = {27},
	pages = {2001}
}

@article{Wilkes01,
	author = {Wilkes, Maurice V.},
	title = {The Memory Gap and the Future of High Performance Memories},
	journal = {SIGARCH Comput. Archit. News},
	volume = {29},
	number = {1},
	month = mar,
	year = {2001},
	pages = {2--7},
	publisher = {ACM},
	address = {New York, NY, USA},
}

@article{Goto,
 author = {Goto, Kazushige and Geijn, Robert A. van de},
 title = {Anatomy of High-performance Matrix Multiplication},
 journal = {ACM Trans. Math. Softw.},
 volume = {34},
 number = {3},
 month = may,
 year = {2008},
 pages = {12:1--12:25},
 publisher = {ACM},
 address = {New York, NY, USA},
} 

@misc{avx,
	author       = {Chris Lomont},
	title        = {Introduction to Intel Advanced Vector Extensions},
	howpublished = {\url{https://software.intel.com/en-us/articles/introduction-to-intel-advanced-vector-extensions}},
	month        = June,
	year         = 2011
}

@article{FlashEigen,
  author    = {Da Zheng and Randal Burns and Joshua Vogelstein and Carey E. Priebe and Alexander S. Szalay},
  title     = {An {SSD}-based eigensolver for spectral analysis on billion-node graphs},
  journal   = {CoRR},
  volume    = {abs/1602.01421},
  year      = {2016},
}

@misc{mpi,
	author       = {Blaise Barney},
	title        = {Message Passing Interface ({MPI})},
	howpublished = {\url{https://computing.llnl.gov/tutorials/mpi/}},
	month        = June,
	year         = 2015
}

@misc{openmp,
	title        = {{OpenMP}},
	howpublished = {\url{http://openmp.org/wp/}},
	month        = March,
	year         = 2016
}

@misc{gmm,
	author       = {Douglas Reynolds},
	title        = {{Gaussian Mixture Models}},
	howpublished = {MIT Lincoln Laboratory},
	year         = 1991
}

@article{anasazi,
	author = {Baker, C. G. and Hetmaniuk, U. L. and Lehoucq, R. B. and Thornquist, H. K.},
	title = {Anasazi Software for the Numerical Solution of Large-scale Eigenvalue Problems},
	journal = {ACM Trans. Math. Softw.},
	volume = {36},
	number = {3},
	month = jul,
	year = {2009},
	pages = {13:1--13:23},
	publisher = {ACM},
}

@article{top10,
	year={2008},
	journal={Knowledge and Information Systems},
	volume={14},
	number={1},
	title={Top 10 algorithms in data mining},
	author={Wu, Xindong and Kumar, Vipin and Ross Quinlan, J. and Ghosh, Joydeep and Yang, Qiang and Motoda, Hiroshi and McLachlan, GeoffreyJ. and Ng, Angus and Liu, Bing and Yu, PhilipS. and Zhou, Zhi-Hua and Steinbach, Michael and Hand, DavidJ. and Steinberg, Dan},
	pages={1-37},
}

@article{mllib,
  author    = {Xiangrui Meng and Joseph Bradley and Burak Yavuz and Evan Sparks and Shivaram Venkataraman and Davies Liu and Jeremy Freeman and DB Tsai and Manish Amde and Sean Owen and Doris Xin and Reynold Xin and Michael J. Franklin and Reza Zadeh and Matei Zaharia and Ameet Talwalkar},
  title     = {{MLlib}: Machine Learning in {Apache Spark}},
  journal   = {CoRR},
  volume    = {abs/1505.06807},
  year      = {2015},
}

@article{SEM_SpMM,
  author    = {Da Zheng and Disa Mhembere and Vince Lyzinski and Joshua Vogelstein and Carey E. Priebe and Randal Burns},
  title     = {Semi-External Memory Sparse Matrix Multiplication on Billion-node Graphs in a Multicore Architecture},
  journal   = {CoRR},
  volume    = {abs/1602.02864},
  year      = {2016},
}

@inproceedings{friendster,
	author = {Yang, Jaewon and Leskovec, Jure},
	title = {Defining and Evaluating Network Communities Based on Ground-truth},
	booktitle = {Proceedings of the ACM SIGKDD Workshop on Mining Data Semantics},
	year = {2012},
}

@article{Luxburg07,
	author = {Luxburg, Ulrike},
	title = {A Tutorial on Spectral Clustering},
	journal = {Statistics and Computing},
	volume = {17},
	number = {4},
	month = dec,
	year = {2007},
	publisher = {Kluwer Academic Publishers},
	address = {Hingham, MA, USA},
} 

@inproceedings{gmm,
	author = {TIMOTHY L. BAILEY and CHARLES ELKAN},
	title = {Fitting a mixture model by expectation maximization to discover motifs in biopolymers},
	booktitle = {Proceedings of International Conference on Intelligent Systems for Molecular Biology},
	year = {1994},
}

@article{mclust,
  author    = {Chris Fraley and Adrian E. Raftery and T. Brendan Murphy and Luca Scrucca},
  title     = {mclust Version 4 for {R}: Normal Mixture Modeling for Model-Based Clustering, Classification, and Density Estimation},
  journal   = {Technical Report No. 597 , Department of Statistics, University of Washington},
  year      = {2012},
}

@misc{NSCI,
	key={NSCI},
	title={Creating a National Strategic Computing Initiative},
	howpublished={\url{https://www.whitehouse.gov/the-press-office/2015/07/29/executive-order-creating-national-strategic-computing-initiative}},
	year={Accessed 1/24/2016},
}

@inproceedings{burst,
	author = {Liu, Ning and Cope, Jason and Carns, Philip and Carothers, Christopher and Ross, Robert and Grider, Gary and Crume, Adam and Maltzahn, Carlos},
	title = {On the Role of Burst Buffers in Leadership-class Storage Systems},
	booktitle = {MSST/SNAPI},
	year = {2012},
}

@misc{rre,
	key={Revolution R},
	title={Revolution R Enterprise},
	howpublished={\url{http://www.revolutionanalytics.com/revolution-r-enterprise}},
	year={Accessed 4/9/2016},
}

@misc{matlab,
	key={},
	title={Parallel Computing Toolbox in Matlab},
	howpublished={\url{http://www.mathworks.com/products/parallel-computing/}},
	year={Accessed 4/9/2016},
}

@inproceedings{naiad,
	author = {Murray, Derek G. and McSherry, Frank and Isaacs, Rebecca and Isard, Michael and Barham, Paul and Abadi, Mart\'{\i}n},
	title = {Naiad: A Timely Dataflow System},
	booktitle = {Proceedings of the Twenty-Fourth ACM Symposium on Operating Systems Principles},
	series = {SOSP '13},
	year = {2013},
	pages = {439--455},
	publisher = {ACM},
	address = {New York, NY, USA},
} 
