@inproceedings{pagerank,
	author = {Brin, Sergey and Page, Lawrence},
	title = {The Anatomy of a Large-scale Hypertextual Web Search Engine},
	booktitle = {Proceedings of the Seventh International Conference on World Wide Web 7},
	year = {1998},
}

@inproceedings {flashgraph,
	author = {Da Zheng and Disa Mhembere and Randal Burns and Joshua Vogelstein and Carey E. Priebe and Alexander S. Szalay},
	title = {{FlashGraph}: Processing Billion-Node Graphs on an Array of Commodity SSDs},
	booktitle = {13th USENIX Conference on File and Storage Technologies (FAST 15)},
	year = {2015},
}

@inproceedings{flashgraph,
	author = {Citation-Annoymized},
	title = {Annoymized title},
}

@article{trilinos,
	author = {Heroux, Michael A. and Bartlett, Roscoe A. and Howle, Vicki E. and Hoekstra, Robert J. and Hu, Jonathan J. and Kolda, Tamara G. and Lehoucq, Richard B. and Long, Kevin R. and Pawlowski, Roger P. and Phipps, Eric T. and Salinger, Andrew G. and Thornquist, Heidi K. and Tuminaro, Ray S. and Willenbring, James M. and Williams, Alan and Stanley, Kendall S.},
	title = {An Overview of the {Trilinos} Project},
	journal = {ACM Trans. Math. Softw.},
	year = {2005},
} 

@Misc{petsc,
	author = {Satish Balay and Shrirang Abhyankar and Mark~F. Adams and Jed Brown and Peter Brune
		and Kris Buschelman and Lisandro Dalcin and Victor Eijkhout and William~D. Gropp
			and Dinesh Kaushik and Matthew~G. Knepley
			and Lois Curfman McInnes and Karl Rupp and Barry~F. Smith
			and Stefano Zampini and Hong Zhang},
	title =  {{PETS}c {W}eb page},
	url =    {http://www.mcs.anl.gov/petsc},
	howpublished = {\url{http://www.mcs.anl.gov/petsc}},
	year = {2015}
}

@article{kmeans,
	author = {Lloyd, S.},
	title = {Least Squares Quantization in {PCM}},
	journal = {IEEE Trans. Inf. Theor.},
	volume = {28},
	number = {2},
	month = sep,
	year = {2006},
}

@inproceedings{safs,
	author = {Da Zheng and Randal Burns and Alexander S. Szalay},
	title = {Toward Millions of File System {IOPS} on Low-Cost, Commodity Hardware},
	booktitle = {Proceedings of the International Conference on High Performance Computing, Networking, Storage and Analysis},
	year = {2013},
}

@inproceedings{safs,
	author = {Citation-Annoymized},
	title = {Annoymized title},
}

@inproceedings{SA-cache,
	author = {Da Zheng and Randal Burns and Alexander S. Szalay},
	title = {A Parallel Page Cache: {IOPS} and Caching for Multicore Systems},
	booktitle = {Proceedings of the 4th USENIX Conference on Hot Topics in Storage and File Systems},
	year = {2012},
}

@article{Ching12,
	year={2012},
	journal={International Journal of Parallel Programming},
	volume={40},
	number={5},
	title={Automatic Parallelization of Array-oriented Programs for a Multi-core Machine},
	author={Ching, Wai-Mee and Zheng, Da},
	pages={514-531},
}

@inproceedings{accelerator,
	author = {Tarditi, David and Puri, Sidd and Oglesby, Jose},
	title = {Accelerator: Using Data Parallelism to Program {GPUs} for General-purpose Uses},
	booktitle = {Proceedings of the 12th International Conference on Architectural Support for Programming Languages and Operating Systems},
	year = {2006},
	address = {New York, NY, USA},
}

@inproceedings {spark,
	author = {Matei Zaharia and Mosharaf Chowdhury and Tathagata Das and Ankur Dave and Justin Ma and Murphy McCauly and Michael J. Franklin and Scott Shenker and Ion Stoica},
	title = {Resilient Distributed Datasets: A Fault-Tolerant Abstraction for In-Memory Cluster Computing},
	booktitle = {Presented as part of the 9th USENIX Symposium on Networked Systems Design and Implementation (NSDI 12)},
	year = {2012},
	address = {San Jose, CA},
	pages = {15--28},
	publisher = {USENIX},
}

@misc{mkl,
	key={MKL},
	title={Intel Math Kernel Library},
	howpublished={\url{https://software.intel.com/en-us/intel-mkl}},
	year={Accessed 1/24/2016},
}

@INPROCEEDINGS{openblas,
	author={Qian Wang and Xianyi Zhang and Yunquan Zhang and Qing Yi}, 
	booktitle={High Performance Computing, Networking, Storage and Analysis (SC), 2013 International Conference for}, 
	title={{AUGEM}: Automatically generate high performance Dense Linear Algebra kernels on x86 CPUs}, 
	year={2013}, 
	pages={1-12}, 
	month={Nov},
}

@article{elemental,
	author = {Poulson, Jack and Marker, Bryan and van de Geijn, Robert A. and Hammond, Jeff R. and Romero, Nichols A.},
	title = {Elemental: A New Framework for Distributed Memory Dense Matrix Computations},
	journal = {ACM Trans. Math. Softw.},
	volume = {39},
	number = {2},
	month = feb,
	year = {2013},
	pages = {13:1--13:24},
	publisher = {ACM},
	address = {New York, NY, USA},
}

@inproceedings{Ang14,
	author = {Ang, J. A. and Barrett, R. F. and Benner, R. E. and Burke, D. and Chan, C. and Cook, J. and Donofrio, D. and Hammond, S. D. and Hemmert, K. S. and Kelly, S. M. and Le, H. and Leung, V. J. and Resnick, D. R. and Rodrigues, A. F. and Shalf, J. and Stark, D. and Unat, D. and Wright, N. J.},
	title = {Abstract Machine Models and Proxy Architectures for Exascale Computing},
	booktitle = {Proceedings of the 1st International Workshop on Hardware-Software Co-Design for High Performance Computing},
	series = {Co-HPC '14},
	year = {2014},
	publisher = {IEEE Press},
	address = {Piscataway, NJ, USA},
}

@inproceedings{mapreduce,
	author = {Dean, Jeffrey and Ghemawat, Sanjay},
	title = {{MapReduce}: Simplified Data Processing on Large Clusters},
	booktitle = {Proceedings of the 6th Conference on Symposium on Opearting Systems Design \& Implementation - Volume 6},
	series = {OSDI'04},
	year = {2004},
	publisher = {USENIX Association},
	address = {Berkeley, CA, USA},
}

@inproceedings{pig,
	author = {Olston, Christopher and Reed, Benjamin and Srivastava, Utkarsh and Kumar, Ravi and Tomkins, Andrew},
	title = {{Pig Latin}: A Not-so-foreign Language for Data Processing},
	booktitle = {Proceedings of the 2008 ACM SIGMOD International Conference on Management of Data},
	year = {2008},
	publisher = {ACM},
	address = {New York, NY, USA},
}

@inproceedings{flumejava,
	author = {Chambers, Craig and Raniwala, Ashish and Perry, Frances and Adams, Stephen and Henry, Robert R. and Bradshaw, Robert and Weizenbaum, Nathan},
	title = {{FlumeJava}: Easy, Efficient Data-parallel Pipelines},
	booktitle = {Proceedings of the 31st ACM SIGPLAN Conference on Programming Language Design and Implementation},
	year = {2010},
	publisher = {ACM},
	address = {New York, NY, USA},
}

@inproceedings{systemml,
	author = {Ghoting, Amol and Krishnamurthy, Rajasekar and Pednault, Edwin and Reinwald, Berthold and Sindhwani, Vikas and Tatikonda, Shirish and Tian, Yuanyuan and Vaithyanathan, Shivakumar},
	title = {{SystemML}: Declarative Machine Learning on MapReduce},
	booktitle = {Proceedings of the 2011 IEEE 27th International Conference on Data Engineering},
	year = {2011},
	publisher = {IEEE Computer Society},
	address = {Washington, DC, USA},
}

@inproceedings{dryad,
	author = {Isard, Michael and Budiu, Mihai and Yu, Yuan and Birrell, Andrew and Fetterly, Dennis},
	title = {Dryad: Distributed Data-parallel Programs from Sequential Building Blocks},
	booktitle = {Proceedings of the 2Nd ACM SIGOPS/EuroSys European Conference on Computer Systems 2007},
	year = {2007},
	publisher = {ACM},
	address = {New York, NY, USA},
}

@inproceedings{dryadlinq,
	author = {Yu, Yuan and Isard, Michael and Fetterly, Dennis and Budiu, Mihai and Erlingsson, \'{U}lfar and Gunda, Pradeep Kumar and Currey, Jon},
	title = {{DryadLINQ}: A System for General-purpose Distributed Data-parallel Computing Using a High-level Language},
	booktitle = {Proceedings of the 8th USENIX Conference on Operating Systems Design and Implementation},
	year = {2008},
	publisher = {USENIX Association},
	address = {Berkeley, CA, USA},
}

@inproceedings{riot,
	author = {Zhang, Yi and Herodotou, Herodotos and Yang, Jun},
	title = {{RIOT}: {I/O}-Efficient Numerical Computing without {SQL}},
	booktitle = {Conference on Innovative Data Systems Research},
	year = {2009},
}

@inproceedings{presto,
	author = {Venkataraman, Shivaram and Bodzsar, Erik and Roy, Indrajit and AuYoung, Alvin and Schreiber, Robert S.},
	title = {Presto: Distributed Machine Learning and Graph Processing with Sparse Matrices},
	booktitle = {Proceedings of the 8th ACM European Conference on Computer Systems},
	year = {2013},
	publisher = {ACM},
	address = {New York, NY, USA},
}

@ARTICLE{atlas,
	author = {R. Clint Whaley and Antoine Petitet and Jack J. Dongarra},
	title = {Automated Empirical Optimization of Software and the ATLAS Project},
	journal = {PARALLEL COMPUTING},
	year = {2000},
	volume = {27},
	pages = {2001}
}

@article{Wilkes01,
	author = {Wilkes, Maurice V.},
	title = {The Memory Gap and the Future of High Performance Memories},
	journal = {SIGARCH Comput. Archit. News},
	volume = {29},
	number = {1},
	month = mar,
	year = {2001},
	pages = {2--7},
	publisher = {ACM},
	address = {New York, NY, USA},
}

@article{Goto,
 author = {Goto, Kazushige and Geijn, Robert A. van de},
 title = {Anatomy of High-performance Matrix Multiplication},
 journal = {ACM Trans. Math. Softw.},
 volume = {34},
 number = {3},
 month = may,
 year = {2008},
 pages = {12:1--12:25},
 publisher = {ACM},
 address = {New York, NY, USA},
} 

@misc{avx,
	author       = {Chris Lomont},
	title        = {Introduction to Intel Advanced Vector Extensions},
	howpublished = {\url{https://software.intel.com/en-us/articles/introduction-to-intel-advanced-vector-extensions}},
	month        = June,
	year         = 2011
}

@article{FlashEigen,
  author    = {Da Zheng and Randal Burns and Joshua Vogelstein and Carey E. Priebe and Alexander S. Szalay},
  title     = {An {SSD}-based eigensolver for spectral analysis on billion-node graphs},
  journal   = {CoRR},
  volume    = {abs/1602.01421},
  year      = {2016},
}

@misc{mpi,
	author       = {Blaise Barney},
	title        = {Message Passing Interface ({MPI})},
	howpublished = {\url{https://computing.llnl.gov/tutorials/mpi/}},
	month        = June,
	year         = 2015
}

@misc{openmp,
	title        = {{OpenMP}},
	howpublished = {\url{http://openmp.org/wp/}},
	month        = March,
	year         = 2016
}

@misc{gmm,
	author       = {Douglas Reynolds},
	title        = {{Gaussian Mixture Models}},
	howpublished = {MIT Lincoln Laboratory},
	year         = 1991
}

@article{anasazi,
	author = {Baker, C. G. and Hetmaniuk, U. L. and Lehoucq, R. B. and Thornquist, H. K.},
	title = {Anasazi Software for the Numerical Solution of Large-scale Eigenvalue Problems},
	journal = {ACM Trans. Math. Softw.},
	volume = {36},
	number = {3},
	month = jul,
	year = {2009},
	pages = {13:1--13:23},
	publisher = {ACM},
}

@article{top10,
	year={2008},
	journal={Knowledge and Information Systems},
	volume={14},
	number={1},
	title={Top 10 algorithms in data mining},
	author={Wu, Xindong and Kumar, Vipin and Ross Quinlan, J. and Ghosh, Joydeep and Yang, Qiang and Motoda, Hiroshi and McLachlan, GeoffreyJ. and Ng, Angus and Liu, Bing and Yu, PhilipS. and Zhou, Zhi-Hua and Steinbach, Michael and Hand, DavidJ. and Steinberg, Dan},
	pages={1-37},
}

@article{mllib,
  author    = {Xiangrui Meng and Joseph Bradley and Burak Yavuz and Evan Sparks and Shivaram Venkataraman and Davies Liu and Jeremy Freeman and DB Tsai and Manish Amde and Sean Owen and Doris Xin and Reynold Xin and Michael J. Franklin and Reza Zadeh and Matei Zaharia and Ameet Talwalkar},
  title     = {{MLlib}: Machine Learning in {Apache Spark}},
  journal   = {The Journal of Machine Learning Research},
  volume    = {17},
  number	= {1},
  year      = {2015},
}

@article{SEM_SpMM,
  author    = {Da Zheng and Disa Mhembere and Vince Lyzinski and Joshua Vogelstein and Carey E. Priebe and Randal Burns},
  title     = {Semi-External Memory Sparse Matrix Multiplication on Billion-node Graphs},
  journal   = {IEEE Transactions on Parallel \& Distributed Systems},
  volume    = {},
  year      = {2016},
}

@inproceedings{friendster,
	author = {Yang, Jaewon and Leskovec, Jure},
	title = {Defining and Evaluating Network Communities Based on Ground-truth},
	booktitle = {Proceedings of the ACM SIGKDD Workshop on Mining Data Semantics},
	year = {2012},
}

@article{Luxburg07,
	author = {Luxburg, Ulrike},
	title = {A Tutorial on Spectral Clustering},
	journal = {Statistics and Computing},
	volume = {17},
	number = {4},
	month = dec,
	year = {2007},
	publisher = {Kluwer Academic Publishers},
	address = {Hingham, MA, USA},
} 

@inproceedings{gmm,
	author = {TIMOTHY L. BAILEY and CHARLES ELKAN},
	title = {Fitting a mixture model by expectation maximization to discover motifs in biopolymers},
	booktitle = {Proceedings of International Conference on Intelligent Systems for Molecular Biology},
	year = {1994},
}

@article{mclust,
  author    = {Chris Fraley and Adrian E. Raftery and T. Brendan Murphy and Luca Scrucca},
  title     = {mclust Version 4 for {R}: Normal Mixture Modeling for Model-Based Clustering, Classification, and Density Estimation},
  journal   = {Technical Report No. 597 , Department of Statistics, University of Washington},
  year      = {2012},
}

@article{NSCI,
  author    = {BARACK OBAMA},
  title     = {Executive Order -- Creating a National Strategic Computing Initiative},
  journal   = {The White House Office of the Press Secretary},
  year      = {2015},
}

@inproceedings{burst,
	author = {Liu, Ning and Cope, Jason and Carns, Philip and Carothers, Christopher and Ross, Robert and Grider, Gary and Crume, Adam and Maltzahn, Carlos},
	title = {On the Role of Burst Buffers in Leadership-class Storage Systems},
	booktitle = {MSST/SNAPI},
	year = {2012},
}

@misc{rre,
	key={Revolution R},
	title={Revolution {R Enterprise}},
	howpublished={\url{http://www.revolutionanalytics.com/revolution-r-enterprise}},
	year={Accessed 4/9/2016},
}

@misc{matlab,
	key={},
	title={Parallel Computing Toolbox in {MATLAB}},
	howpublished={\url{http://www.mathworks.com/products/parallel-computing/}},
	year={Accessed 4/9/2016},
}

@inproceedings{naiad,
	author = {Murray, Derek G. and McSherry, Frank and Isaacs, Rebecca and Isard, Michael and Barham, Paul and Abadi, Mart\'{\i}n},
	title = {Naiad: A Timely Dataflow System},
	booktitle = {Proceedings of the Twenty-Fourth ACM Symposium on Operating Systems Principles},
	series = {SOSP '13},
	year = {2013},
	pages = {439--455},
	publisher = {ACM},
	address = {New York, NY, USA},
} 

@ARTICLE{Jain00,
	author={A. K. Jain and R. P. W. Duin and Jianchang Mao}, 
	journal={IEEE Transactions on Pattern Analysis and Machine Intelligence}, 
	title={Statistical pattern recognition: a review}, 
	year={2000}, 
	volume={22}, 
	number={1}, 
	pages={4-37}, 
	month={Jan},
}

@inproceedings{cor,
	author = {Karl Pearson},
	title = {Notes on regression and inheritance in the case of two parents},
	booktitle = {Proceedings of the Royal Society of London},
	year = {1895},
	pages = {240-242},
} 

@inproceedings {gridgraph,
	author = {Xiaowei Zhu and Wentao Han and Wenguang Chen},
	title = {{GridGraph}: Large-Scale Graph Processing on a Single Machine Using 2-Level Hierarchical Partitioning},
	booktitle = {2015 USENIX Annual Technical Conference (USENIX ATC 15)},
	year = {2015},
}

@incollection{Toledo99,
	author = {Toledo, Sivan},
	chapter = {A Survey of Out-of-core Algorithms in Numerical Linear Algebra},
	title = {External Memory Algorithms},
	editor = {Abello, James M. and Vitter, Jeffrey Scott},
	year = {1999},
	pages = {161--179},
	address = {Boston, MA, USA},
} 

@inproceedings {hotos,
	author = {Frank McSherry and Michael Isard and Derek G. Murray},
	title = {Scalability! But at what COST?},
	booktitle = {15th Workshop on Hot Topics in Operating Systems (HotOS XV)},
	year = {2015},
}

@inproceedings {ripq,
	author = {Linpeng Tang and Qi Huang and Wyatt Lloyd and Sanjeev Kumar and Kai Li},
	title = {RIPQ: Advanced Photo Caching on Flash for Facebook},
	booktitle = {13th USENIX Conference on File and Storage Technologies (FAST 15)},
	year = {2015},
	address = {Santa Clara, CA},
}

@article{Quintana-Orti12,
	author = {Quintana-Ort\'{\i}, Gregorio and Igual, Francisco D. and Marqu{\'e}s, Mercedes and Quintana-Ort\'{\i}, Enrique S. and van de Geijn, Robert A.},
	title = {A Runtime System for Programming Out-of-Core Matrix Algorithms-by-Tiles on Multithreaded Architectures},
	journal = {ACM Trans. Math. Softw.},
	volume = {38},
	number = {4},
	month = aug,
	year = {2012},
	pages = {25:1--25:25},
}

@inproceedings{Matveev17,
	author = {Matveev, Alexander and Meirovitch, Yaron and Saribekyan, Hayk and Jakubiuk, Wiktor and Kaler, Tim and Odor, Gergely and Budden, David and Zlateski, Aleksandar and Shavit, Nir},
	title = {A Multicore Path to Connectomics-on-Demand},
	booktitle = {Proceedings of the 22Nd ACM SIGPLAN Symposium on Principles and Practice of Parallel Programming},
	year = {2017},
}

@misc{h2o,
	key={H2O},
	title={H2O machine learning library},
	howpublished={\url{http://www.h2o.ai/}},
	year={Accessed 2/7/2017},
}

@inproceedings {tensorflow,
	author = {Mart{\'\i}n Abadi and Paul Barham and Jianmin Chen and Zhifeng Chen and Andy Davis and Jeffrey Dean and Matthieu Devin and Sanjay Ghemawat and Geoffrey Irving and Michael Isard and Manjunath Kudlur and Josh Levenberg and Rajat Monga and Sherry Moore and Derek G. Murray and Benoit Steiner and Paul Tucker and Vijay Vasudevan and Pete Warden and Martin Wicke and Yuan Yu and Xiaoqiang Zheng},
	title = {TensorFlow: A System for Large-Scale Machine Learning},
	booktitle = {12th USENIX Symposium on Operating Systems Design and Implementation (OSDI 16)},
	year = {2016},
}

@inproceedings{petuum,
	author = {Xing, Eric P. and Ho, Qirong and Dai, Wei and Kim, Jin-Kyu and Wei, Jinliang and Lee, Seunghak and Zheng, Xun and Xie, Pengtao and Kumar, Abhimanu and Yu, Yaoliang},
	title = {Petuum: A New Platform for Distributed Machine Learning on Big Data},
	booktitle = {Proceedings of the 21th ACM SIGKDD International Conference on Knowledge Discovery and Data Mining},
	year = {2015},
}

@book{linear_algebra,
	author = {Jeremy Kepner and John Gilbert},
	title = {Graph Algorithms in the Language of Linear Algebra},
	publisher = {Society for Industrial \& Applied Mathematics},
	year = {2011},
}

@misc{criteo,
	key={criteo},
	title={Criteo's 1TB Click Prediction Dataset},
	howpublished={\url{https://blogs.technet.microsoft.com/machinelearning/2015/04/01/now-available-on-azure-ml-criteos-1tb-click-prediction-dataset/}},
	year={Accessed 2/11/2017},
}

@misc{webgraph,
	key={webgraph},
	title={Web graph},
	howpublished={\url{http://webdatacommons.org/hyperlinkgraph/}},
	year={Accessed 4/18/2014},
}

@inproceedings{sparse_proj,
	author = {Li, Ping and Hastie, Trevor J. and Church, Kenneth W.},
	title = {Very Sparse Random Projections},
	booktitle = {Proceedings of the 12th ACM SIGKDD International Conference on Knowledge Discovery and Data Mining},
	year = {2006},
}

@misc{mass,
	key={mass},
	title={Package MASS},
	howpublished={\url{https://cran.r-project.org/web/packages/MASS/index.html}},
	year={Accessed 2/12/2017},
}

@misc{rro,
	key={rro},
	title={Microsoft R Open},
	howpublished={\url{https://mran.microsoft.com/open/}},
	year={Accessed 2/12/2017},
}

@inproceedings{Chu06,
	author = {Chu, Cheng-Tao and Kim, Sang Kyun and Lin, Yi-An and Yu, YuanYuan and Bradski, Gary and Ng, Andrew Y. and Olukotun, Kunle},
	title = {Map-reduce for Machine Learning on Multicore},
	booktitle = {Proceedings of the 19th International Conference on Neural Information Processing Systems},
	year = {2006},
}

@INPROCEEDINGS{optiml,
	author = {Arvind K. Sujeeth and Hyoukjoong Lee and Kevin J. Brown and Hassan Chafi and Michael Wu and Anand R. Atreya and Kunle Olukotun and Tiark Rompf and Martin Odersky},
	title = {OptiML: an implicitly parallel domainspecific language for machine learning},
	booktitle = {in Proceedings of the 28th International Conference on Machine Learning},
	year = {2011}
}

@article{lbfgs,
	author = {D. C. Liu and J. Nocedal},
	title = {On the limited memory BFGS method for large scale optimization},
	journal = {Mathematical Programming: Series A and B},
	year = {1989},
} 

@article{graphlab,
	author = {Low, Yucheng and Bickson, Danny and Gonzalez, Joseph and Guestrin, Carlos and Kyrola, Aapo and Hellerstein, Joseph M.},
	title = {Distributed GraphLab: A Framework for Machine Learning and Data Mining in the Cloud},
	journal = {Proc. VLDB Endow.},
	volume = {5},
	number = {8},
	year = {2012},
}

@inproceedings {graphene,
	author = {Hang Liu and H. Howie Huang},
	title = {Graphene: Fine-Grained IO Management for Graph Computing},
	booktitle = {15th USENIX Conference on File and Storage Technologies (FAST 17)},
	year = {2017},
	address = {Santa Clara, CA},
}

@TECHREPORT{em,
	author = {Jeff Bilmes},
	title = {A Gentle Tutorial of the EM Algorithm and its Application to Parameter Estimation for Gaussian Mixture and Hidden Markov Models},
	institution = {International Computer Science Institute},
	year = {1998}
}

@article{Elgohary16,
	author = {Elgohary, Ahmed and Boehm, Matthias and Haas, Peter J. and Reiss, Frederick R. and Reinwald, Berthold},
	title = {Compressed Linear Algebra for Large-scale Machine Learning},
	journal = {Proc. VLDB Endow.},
	volume = {9},
	number = {12},
	month = aug,
	year = {2016},
	pages = {960--971},
}

@inproceedings{Huang15,
	author = {Huang, Botong and Boehm, Matthias and Tian, Yuanyuan and Reinwald, Berthold and Tatikonda, Shirish and Reiss, Frederick R.},
	title = {Resource Elasticity for Large-Scale Machine Learning},
	booktitle = {Proceedings of the 2015 ACM SIGMOD International Conference on Management of Data},
	year = {2015},
	address = {New York, NY, USA},
}

@article{Boehm14,
	author = {Boehm, Matthias and Tatikonda, Shirish and Reinwald, Berthold and Sen, Prithviraj and Tian, Yuanyuan and Burdick, Douglas R. and Vaithyanathan, Shivakumar},
	title = {Hybrid Parallelization Strategies for Large-scale Machine Learning in SystemML},
	journal = {Proc. VLDB Endow.},
	volume = {7},
	number = {7},
	month = mar,
	year = {2014},
	pages = {553--564},
}

@article{systemml2,
	author = {Boehm, Matthias and Dusenberry, Michael W. and Eriksson, Deron and Evfimievski, Alexandre V. and Manshadi, Faraz Makari and Pansare, Niketan and Reinwald, Berthold and Reiss, Frederick R. and Sen, Prithviraj and Surve, Arvind C. and Tatikonda, Shirish},
	title = {SystemML: Declarative Machine Learning on Spark},
	journal = {Proc. VLDB Endow.},
	volume = {9},
	number = {13},
	month = sep,
	year = {2016},
	pages = {1425--1436},
}
 
@article{Ladner1980,
	author = {Ladner, Richard E. and Fischer, Michael J.},
	title = {Parallel Prefix Computation},
	journal = {J. ACM},
	volume = {27},
	number = {4},
	month = oct,
	year = {1980},
	pages = {831--838},
}

@inproceedings{sequoia,
  author = {Kayvon Fatahalian and Timothy J. Knight and Mike Houston and Mattan Erez
    and Daniel Reiter Horn and Larkhoon Leem and Ji Young Park and Manman Ren
      and Alex Aiken and William J. Dally and Pat Hanrahan},
  title = {Sequoia: Programming the Memory Hierarchy},
  booktitle = {{P}roceedings of the 2006 {ACM/IEEE} {C}onference on {S}upercomputing},
  year = {2006},
}

@INPROCEEDINGS{riposte,
  author={J. Talbot and Z. DeVito and P. Hanrahan}, 
  booktitle={2012 21st International Conference on Parallel Architectures and Compilation Techniques (PACT)}, 
  title={Riposte: A trace-driven compiler and parallel VM for vector code in R}, 
  year={2012}, 
}

@inproceedings{Guibas78,
  author = {Guibas, Leo J. and Wyatt, Douglas K.},
  title = {Compilation and Delayed Evaluation in APL},
  booktitle = {Proceedings of the 5th ACM SIGACT-SIGPLAN Symposium on Principles of Programming Languages},
  year = {1978},
} 

@INPROCEEDINGS{delite,
  author = {Hassan Chafi and Arvind K. Sujeeth and Kevin J. Brown and HyoukJoong Lee and Anand R. Atreya and Kunle Olukotun},
  title = {A Domain-Specific Approach to Heterogeneous Parallelism},
  booktitle = {Proceedings of the 16th Annual Symposium on Principles and Practice of Parallel Programming},
  year = {2011}
}

@article{desola,
  author = {Russell, Francis P. and Mellor, Michael R. and Kelly, Paul H. J. and Beckmann, Olav},
  title = {DESOLA: An Active Linear Algebra Library Using Delayed Evaluation and Runtime Code Generation},
  journal = {Sci. Comput. Program.},
  year = {2011},
} 

@article{Papadopoulos16,
  author = {Papadopoulos, Stavros and Datta, Kushal and Madden, Samuel and Mattson, Timothy},
  title = {The TileDB Array Data Storage Manager},
  journal = {Proc. VLDB Endow.},
  volume = {10},
  number = {4},
  month = nov,
  year = {2016},
  pages = {349--360},
}
